<record><leader>00000cas a2200000 a 4500</leader><controlfield tag="001">18550371</controlfield><controlfield tag="008">880930d1867186umsuwr ne      0    0eng d</controlfield><datafield ind1=" " ind2=" " tag="010"><subfield code="a">sn 88061220 </subfield></datafield><datafield ind1=" " ind2=" " tag="040"><subfield code="a">KNP</subfield><subfield code="b">eng</subfield><subfield code="c">KNP</subfield><subfield code="d">OCL</subfield><subfield code="d">OCLCQ</subfield></datafield><datafield ind1=" " ind2=" " tag="042"><subfield code="a">msc</subfield></datafield><datafield ind1="0" ind2=" " tag="130"><subfield code="a">Weekly gazette (Meridian, Miss.)</subfield></datafield><datafield ind1="1" ind2="4" tag="245"><subfield code="a">The weekly gazette.</subfield></datafield><datafield ind1=" " ind2=" " tag="260"><subfield code="a">Meridian, Miss. :</subfield><subfield code="b">J. Gibson,</subfield><subfield code="c">1867-</subfield></datafield><datafield ind1=" " ind2=" " tag="300"><subfield code="a">v. :</subfield><subfield code="b">ill.</subfield></datafield><datafield ind1=" " ind2=" " tag="310"><subfield code="a">Weekly</subfield></datafield><datafield ind1="0" ind2=" " tag="362"><subfield code="a">Vol. 1, no. 11 (May 29, 1867)-</subfield></datafield><datafield ind1=" " ind2="4" tag="651"><subfield code="a">Meridian (Miss.)</subfield><subfield code="v">Newspapers.</subfield></datafield><datafield ind1=" " ind2=" " tag="752"><subfield code="a">United States</subfield><subfield code="b">Mississippi</subfield><subfield code="c">Lauderdale</subfield><subfield code="d">Meridian.</subfield></datafield><datafield ind1="0" ind2=" " tag="775"><subfield code="t">Semi-weekly gazette (Meridian, Miss.)</subfield><subfield code="w">(DLC)sn 88061218</subfield></datafield><datafield ind1="0" ind2="0" tag="780"><subfield code="t">Meridian gazette (Meridian, Miss. Weekly)</subfield><subfield code="w">(DLC)sn 88061219</subfield></datafield><datafield ind1="0" ind2="0" tag="785"><subfield code="t">Meridian weekly gazette</subfield><subfield code="w">(DLC)sn 85034448</subfield></datafield><datafield ind1="1" ind2=" " tag="029"><subfield code="a">AU@</subfield><subfield code="b">000020667872</subfield></datafield></record>